<?xml version="1.0" encoding="UTF-8"?><collection xmlns="http://www.loc.gov/MARC21/slim"><record><leader>00514nam--2200181-i-4500</leader><controlfield tag="001">000016025</controlfield><controlfield tag="002">20161230</controlfield><controlfield tag="005">20161230201031</controlfield><controlfield tag="008">060222s1000------------r-----000-0-eng-d</controlfield><datafield ind1=" " ind2=" " tag="040"><subfield code="a">IFIN-HH</subfield></datafield><datafield ind1=" " ind2=" " tag="080"><subfield code="a">537.533.73</subfield></datafield><datafield ind1="1" ind2=" " tag="100"><subfield code="a">Authier A</subfield></datafield><datafield ind1="1" ind2="0" tag="245"><subfield code="a">Podstawy i metody wspolczesnej elektromonografii</subfield><subfield code="c">A. authier, m. gillet, p. michel, s. pytkowski</subfield></datafield><datafield ind1=" " ind2=" " tag="260"><subfield code="a">Warszawa</subfield><subfield code="b">Polska Akademia Nauk</subfield><subfield code="c">1972</subfield></datafield><datafield ind1=" " ind2=" " tag="300"><subfield code="a">138 P</subfield></datafield><datafield ind1="1" ind2=" " tag="700"><subfield code="a">Pytkowski, S</subfield></datafield><datafield ind1=" " ind2=" " tag="852"><subfield code="a">76690</subfield><subfield code="c">537.533.3</subfield></datafield><datafield ind1=" " ind2=" " tag="CAT"><subfield code="a">Sys</subfield><subfield code="c">20110901</subfield><subfield code="h">150748</subfield></datafield></record></collection>